
@book{C:CurtisSkriptCause,
	author = {Marcel Steiner-Curtis},
	title = {Angewandte Statistik und Datenanalyse},
	date = {2018-02-08},
	publisher = {FHNW},
	pages = {3},
}


@book{C:DefectConcentration,
	author = {Marcel Steiner-Curtis},
	title = {Angewandte Statistik und Datenanalyse},
	date = {2018-02-08},
	publisher = {FHNW},
	pages = {4},
}

@book{C:Pareto,
	author = {Marcel Steiner-Curtis},
	title = {Angewandte Statistik und Datenanalyse},
	date = {2018-02-08},
	publisher = {FHNW},
	pages = {6},
}

@book{C:LookUpTable,
	author = {Marcel Steiner-Curtis},
	title = {Angewandte Statistik und Datenanalyse},
	date = {2018-02-08},
	publisher = {FHNW},
	pages = {68-70},
}


@book{C:KonstruktionKontrollkarte,
	author = {DOUGLAS C. MONTGOMERY},
	title = {ntroduction to
	Statistical
	Quality Control},
	date = {2009},
	isbn = {978-0-470-16992-6},
	pages = {702},
}

@book{C:RSKarte,
	author = {Marcel Steiner-Curtis},
	title = {Angewandte Statistik und Datenanalyse},
	date = {2018-02-08},
	publisher = {FHNW},
	pages = {13},
}


@online{C:Normalverteilung,
	author = {Gabler},
	title = {normalverteilung},
	date = {2018-06-18},
	url = {https://wirtschaftslexikon.gabler.de/definition/normalverteilung-39769},
	urldate = {2018-06-18},
}

@book{C:Bilder,
	author = {Marcel Steiner-Curtis},
	title = {Angewandte Statistik und Datenanalyse},
	date = {2018-02-08},
	publisher = {FHNW},
	pages = {33-36},
}

@book{C:Prediction,
	author = {Andreas Ruckstuhl},
	title = {Arbeitsblatt 1 Ausführliche Lösung},
	date = {FS18},
	publisher = {ZHAW},
	pages = {5},
}

@book{C:theoQuantilen,
	author = {Andreas Ruckstuhl},
	title = {Folien Reg2},
	date = {FS18},
	publisher = {ZHAW},
	pages = {14},
}

@book{C:Ruckstuhl,
	author = {Andreas Ruckstuhl},
	title = {Folien (alle) Applied Statistics},
	date = {FS18},
	publisher = {ZHAW},
}
@book{C:SteinerCurtis,
	author = {Marcel Steiner-Curtis},
	title = {Angewandte Statistik und Datenanalyse},
	date = {2018-02-08},
	publisher = {FHNW},
}

@book{C:confint,
	author = {Andreas Ruckstuhl},
	title = {Folien Reg3},
	date = {FS18},
	publisher = {ZHAW},
	pages = {8},
}

@book{C:Cook,
	author = {Andreas Ruckstuhl},
	title = {Folien Reg4},
	date = {FS18},
	publisher = {ZHAW},
	pages = {7},
}

@book{C:Roblm,
	author = {Andreas Ruckstuhl},
	title = {Folien Reg4},
	date = {FS18},
	publisher = {ZHAW},
	pages = {29,30},
}

@book{C:VIF,
	author = {Andreas Ruckstuhl},
	title = {Folien Reg5DoE1},
	date = {FS18},
	publisher = {ZHAW},
	pages = {16},
}

@book{C:AIC,
	author = {Andreas Ruckstuhl},
	title = {Übung Reg5DoE1},
	date = {FS18},
	publisher = {ZHAW},
	pages = {3},
}

@online{C:NotchBoxPlot,
	author = {David Doyle},
	title = {David's Statistics - Notched Box Plots},
	date = {2013-04-11},
	url = {https://sites.google.com/site/davidsstatistics/home/notched-box-plots},
	urldate = {2018-06-23},
}

@book{C:Anova,
	author = {Andreas Ruckstuhl},
	title = {Folien DoE2},
	date = {FS18},
	publisher = {ZHAW},
	pages = {9-13},
}

@book{C:dataframe,
	author = {Andreas Ruckstuhl},
	title = {Übung DoE2},
	date = {FS18},
	publisher = {ZHAW},
	pages = {4},
}